<?xml version="1.0" encoding="UTF-8"?>
<record xmlns="http://www.loc.gov/MARC21/slim" xmlns:zs="http://docs.oasis-open.org/ns/search-ws/sruResponse">
 <leader>
  04504cpcaa22007217a 4500
 </leader>
 <controlfield tag="001">
  16915952
 </controlfield>
 <controlfield tag="005">
  20240515095834.0
 </controlfield>
 <controlfield tag="008">
  110811i19542004xx                  por
 </controlfield>
 <datafield ind1=" " ind2=" " tag="906">
  <subfield code="a">
   7
  </subfield>
  <subfield code="b">
   cbc
  </subfield>
  <subfield code="c">
   orignew
  </subfield>
  <subfield code="d">
   u
  </subfield>
  <subfield code="e">
   ncip
  </subfield>
  <subfield code="f">
   20
  </subfield>
  <subfield code="g">
   y-folklife
  </subfield>
 </datafield>
 <datafield ind1=" " ind2=" " tag="955">
  <subfield code="a">
   mkru 2011-08-11
  </subfield>
  <subfield code="a">
   mkru 2013-05-08
  </subfield>
  <subfield code="a">
   mseg 2013-06-12
  </subfield>
  <subfield code="a">
   mkru 2014-03-05
  </subfield>
  <subfield code="a">
   mkru 2018-03-19
  </subfield>
  <subfield code="a">
   mkru 2018-04-13
  </subfield>
  <subfield code="a">
   masmit 2024-05-15
  </subfield>
 </datafield>
 <datafield ind1=" " ind2=" " tag="010">
  <subfield code="a">
   2011655397
  </subfield>
 </datafield>
 <datafield ind1=" " ind2=" " tag="040">
  <subfield code="a">
   DLC
  </subfield>
  <subfield code="c">
   DLC
  </subfield>
  <subfield code="e">
   dacs
  </subfield>
  <subfield code="d">
   DLC
  </subfield>
  <subfield code="d">
   DLC
  </subfield>
 </datafield>
 <datafield ind1="0" ind2=" " tag="041">
  <subfield code="a">
   por
  </subfield>
  <subfield code="d">
   por
  </subfield>
  <subfield code="a">
   eng
  </subfield>
  <subfield code="a">
   spa
  </subfield>
  <subfield code="d">
   ita
  </subfield>
  <subfield code="a">
   ita
  </subfield>
 </datafield>
 <datafield ind1=" " ind2=" " tag="043">
  <subfield code="a">
   s-bl---
  </subfield>
  <subfield code="a">
   n-mx---
  </subfield>
  <subfield code="a">
   e-it---
  </subfield>
 </datafield>
 <datafield ind1=" " ind2=" " tag="090">
  <subfield code="a">
   RXH 4951-4953
  </subfield>
 </datafield>
 <datafield ind1=" " ind2=" " tag="090">
  <subfield code="a">
   AFC 2006/019
  </subfield>
 </datafield>
 <datafield ind1="0" ind2="0" tag="245">
  <subfield code="a">
   Sol Biderman collection,
  </subfield>
  <subfield code="f">
   1954-2004.
  </subfield>
 </datafield>
 <datafield ind1=" " ind2=" " tag="260">
  <subfield code="c">
   1954-2004.
  </subfield>
 </datafield>
 <datafield ind1=" " ind2=" " tag="300">
  <subfield code="3">
   whole collection
  </subfield>
  <subfield code="a">
   1,741
  </subfield>
  <subfield code="f">
   items
  </subfield>
 </datafield>
 <datafield ind1=" " ind2=" " tag="300">
  <subfield code="3">
   manuscripts
  </subfield>
  <subfield code="a">
   approximately 1,314
  </subfield>
  <subfield code="f">
   pages
  </subfield>
 </datafield>
 <datafield ind1=" " ind2=" " tag="300">
  <subfield code="3">
   manuscripts
  </subfield>
  <subfield code="a">
   326
  </subfield>
  <subfield code="f">
   chapbooks
  </subfield>
 </datafield>
 <datafield ind1=" " ind2=" " tag="300">
  <subfield code="3">
   sound recordings
  </subfield>
  <subfield code="a">
   3 sound tape reels (61 minutes) :
  </subfield>
  <subfield code="b">
   analog, 7.5 ips, mono ;
  </subfield>
  <subfield code="c">
   3 in.
  </subfield>
 </datafield>
 <datafield ind1=" " ind2=" " tag="300">
  <subfield code="3">
   graphic materials
  </subfield>
  <subfield code="a">
   70 wood block prints :
  </subfield>
  <subfield code="b">
   black and white ;
  </subfield>
  <subfield code="c">
   various sizes
  </subfield>
 </datafield>
 <datafield ind1=" " ind2=" " tag="300">
  <subfield code="3">
   graphic materials
  </subfield>
  <subfield code="a">
   1 photographic print :
  </subfield>
  <subfield code="b">
   black and white ;
  </subfield>
  <subfield code="c">
   7 x 9 in.
  </subfield>
 </datafield>
 <datafield ind1=" " ind2=" " tag="300">
  <subfield code="3">
   graphic materials
  </subfield>
  <subfield code="a">
   6 posters :
  </subfield>
  <subfield code="b">
   color, black and white ;
  </subfield>
  <subfield code="c">
   various sizes
  </subfield>
 </datafield>
 <datafield ind1=" " ind2=" " tag="300">
  <subfield code="3">
   graphic materials
  </subfield>
  <subfield code="a">
   3 postcards :
  </subfield>
  <subfield code="b">
   color ;
  </subfield>
  <subfield code="c">
   various sizes
  </subfield>
 </datafield>
 <datafield ind1=" " ind2=" " tag="300">
  <subfield code="3">
   objects
  </subfield>
  <subfield code="a">
   14
  </subfield>
  <subfield code="f">
   crucifixes
  </subfield>
 </datafield>
 <datafield ind1=" " ind2=" " tag="300">
  <subfield code="3">
   objects
  </subfield>
  <subfield code="a">
   4
  </subfield>
  <subfield code="f">
   wooden boxes
  </subfield>
 </datafield>
 <datafield ind1=" " ind2=" " tag="545">
  <subfield code="a">
   Author and professor Sol Biderman was born in Dallas, Texas in 1936. He has taught literature at universities in California; Genoa and Naples, Italy; and São Paulo, Brazil. He is the author of Bring Me to the Banqueting House and the plays, When Elvis Met Che in Denver, To Kill a Mandarin, and Unabomber Hotel.
  </subfield>
 </datafield>
 <datafield ind1=" " ind2=" " tag="520">
  <subfield code="a">
   The collection comprises Biderman's writings, poetry, research materials, and primary sources for his studies of folk literature including 326 Brazilian chapbooks published between 1958 and 2003, with comparative materials from other countries, including Mexico and Italy. Includes 3 sound recordings, some of which were taped in Pernambuco, Rio Grande do Norte, and Ceará in 1967-1968, of performances of Brazilian poetry and song. Artifacts in the collection include wooden boxes by Guilherme de Faria (a.k.a. Alma Welt); a series of fourteen woodblocks depicting the crucifixion of Christ by João Antonio de Barros; woodblock prints from the Via Sacra series by José Costa Leite; and selected photographs from Inocêncio da Costa Niquel's (Mestre Noza's) woodblock Via Sacra series, plus posters advertising Biderman's plays.
  </subfield>
 </datafield>
 <datafield ind1="8" ind2=" " tag="524">
  <subfield code="a">
   Sol Biderman collection (AFC 2006/019), American Folklife Center, Library of Congress, Washington, D.C.
  </subfield>
 </datafield>
 <datafield ind1="1" ind2=" " tag="506">
  <subfield code="a">
   Collection is open for research; access to collection materials may be restricted. To request materials, please contact the Folklife Reading Room at
  </subfield>
  <subfield code="u">
   https://hdl.loc.gov/loc.afc/folklife.contact
  </subfield>
 </datafield>
 <datafield ind1=" " ind2=" " tag="540">
  <subfield code="a">
   Duplication of the collection materials may be governed by copyright and other restrictions.
  </subfield>
 </datafield>
 <datafield ind1=" " ind2=" " tag="541">
  <subfield code="a">
   Sol Biderman;
  </subfield>
  <subfield code="c">
   Purchase;
  </subfield>
  <subfield code="d">
   2006.
  </subfield>
 </datafield>
 <datafield ind1=" " ind2=" " tag="546">
  <subfield code="a">
   Manuscripts in English and Spanish; sound recordings in Portuguese and Italian; chapbooks in Portuguese and Italian.
  </subfield>
 </datafield>
 <datafield ind1=" " ind2=" " tag="555">
  <subfield code="a">
   Finding aid is available online
  </subfield>
  <subfield code="u">
   https://hdl.loc.gov/loc.afc/eadafc.af018008
  </subfield>
 </datafield>
 <datafield ind1=" " ind2="0" tag="650">
  <subfield code="a">
   Chapbooks, Brazilian
  </subfield>
  <subfield code="z">
   Brazil.
  </subfield>
 </datafield>
 <datafield ind1=" " ind2="0" tag="650">
  <subfield code="a">
   American poetry
  </subfield>
  <subfield code="y">
   20th century.
  </subfield>
 </datafield>
 <datafield ind1=" " ind2="0" tag="650">
  <subfield code="a">
   Brazilian poetry
  </subfield>
  <subfield code="z">
   Brazil
  </subfield>
  <subfield code="y">
   20th century.
  </subfield>
 </datafield>
 <datafield ind1=" " ind2="0" tag="650">
  <subfield code="a">
   Popular literature
  </subfield>
  <subfield code="z">
   Brazil
  </subfield>
  <subfield code="x">
   History and criticism.
  </subfield>
 </datafield>
 <datafield ind1=" " ind2="0" tag="650">
  <subfield code="a">
   Folk literature, Brazilian
  </subfield>
  <subfield code="z">
   Brazil
  </subfield>
  <subfield code="x">
   History and criticism.
  </subfield>
 </datafield>
 <datafield ind1=" " ind2="0" tag="650">
  <subfield code="a">
   Folk poetry, Brazilian.
  </subfield>
 </datafield>
 <datafield ind1=" " ind2="0" tag="650">
  <subfield code="a">
   Wood-engraving
  </subfield>
  <subfield code="z">
   Brazil.
  </subfield>
 </datafield>
 <datafield ind1=" " ind2="0" tag="650">
  <subfield code="a">
   Crucifixion in art.
  </subfield>
 </datafield>
 <datafield ind1=" " ind2="0" tag="650">
  <subfield code="a">
   Corridos
  </subfield>
  <subfield code="z">
   Mexico.
  </subfield>
 </datafield>
 <datafield ind1=" " ind2="0" tag="650">
  <subfield code="a">
   Field recordings
  </subfield>
  <subfield code="z">
   Brazil.
  </subfield>
 </datafield>
 <datafield ind1=" " ind2="7" tag="655">
  <subfield code="a">
   Chapbooks.
  </subfield>
  <subfield code="2">
   aat
  </subfield>
 </datafield>
 <datafield ind1=" " ind2="7" tag="655">
  <subfield code="a">
   Manuscripts.
  </subfield>
  <subfield code="2">
   aat
  </subfield>
 </datafield>
 <datafield ind1=" " ind2="7" tag="655">
  <subfield code="a">
   Sound recordings.
  </subfield>
  <subfield code="2">
   aat
  </subfield>
 </datafield>
 <datafield ind1=" " ind2="7" tag="655">
  <subfield code="a">
   Woodcuts.
  </subfield>
  <subfield code="2">
   gmgpc
  </subfield>
 </datafield>
 <datafield ind1=" " ind2="7" tag="655">
  <subfield code="a">
   Wood blocks (printing blocks).
  </subfield>
  <subfield code="2">
   aat
  </subfield>
 </datafield>
 <datafield ind1=" " ind2="7" tag="655">
  <subfield code="a">
   Field recordings.
  </subfield>
  <subfield code="2">
   lcgft
  </subfield>
 </datafield>
 <datafield ind1=" " ind2="7" tag="655">
  <subfield code="a">
   Literatura de cordel.
  </subfield>
  <subfield code="2">
   afset
  </subfield>
 </datafield>
 <datafield ind1=" " ind2="7" tag="655">
  <subfield code="a">
   Poems.
  </subfield>
  <subfield code="2">
   aat
  </subfield>
 </datafield>
 <datafield ind1="1" ind2=" " tag="700">
  <subfield code="a">
   Biderman, Sol,
  </subfield>
  <subfield code="e">
   collector.
  </subfield>
 </datafield>
 <datafield ind1="1" ind2=" " tag="700">
  <subfield code="a">
   Barros, João Antonio de,
  </subfield>
  <subfield code="d">
   1935-
  </subfield>
 </datafield>
 <datafield ind1="1" ind2=" " tag="700">
  <subfield code="a">
   Faria, Guilherme de,
  </subfield>
  <subfield code="e">
   author,
  </subfield>
  <subfield code="e">
   artist.
  </subfield>
 </datafield>
 <datafield ind1="1" ind2=" " tag="700">
  <subfield code="a">
   Leite, José Costa,
  </subfield>
  <subfield code="e">
   artist.
  </subfield>
 </datafield>
 <datafield ind1="1" ind2=" " tag="700">
  <subfield code="a">
   Niquel, Inocêncio da Costa,
  </subfield>
  <subfield code="d">
   1897-
  </subfield>
 </datafield>
 <datafield ind1=" " ind2=" " tag="852">
  <subfield code="a">
   Library of Congress
  </subfield>
  <subfield code="b">
   American Folklife Center,
  </subfield>
  <subfield code="e">
   101 Independence Ave. S.E., Washington, DC USA 20540-4610
  </subfield>
  <subfield code="u">
   https://hdl.loc.gov/loc.afc/folklife.home
  </subfield>
 </datafield>
 <datafield ind1="4" ind2="2" tag="856">
  <subfield code="3">
   Finding aid
  </subfield>
  <subfield code="u">
   https://hdl.loc.gov/loc.afc/eadafc.af018008
  </subfield>
 </datafield>
 <datafield ind1=" " ind2=" " tag="985">
  <subfield code="a">
   afc/coll
  </subfield>
 </datafield>
 <datafield ind1=" " ind2=" " tag="985">
  <subfield code="a">
   afc/ead
  </subfield>
 </datafield>
</record>
